<record><leader>00000cas a22000007a 4500</leader><controlfield tag="001">8786766</controlfield><controlfield tag="008">820918c18869999wiuwr ne      0    0eng d</controlfield><datafield ind1=" " ind2=" " tag="010"><subfield code="a">sn 87082155 </subfield></datafield><datafield ind1=" " ind2=" " tag="040"><subfield code="a">GZF</subfield><subfield code="b">eng</subfield><subfield code="c">GZF</subfield><subfield code="d">NPV</subfield><subfield code="d">OCLCQ</subfield></datafield><datafield ind1=" " ind2=" " tag="042"><subfield code="a">msc</subfield></datafield><datafield ind1="0" ind2="4" tag="245"><subfield code="a">The Bloomer advance.</subfield></datafield><datafield ind1="1" ind2="3" tag="246"><subfield code="a">Advance</subfield></datafield><datafield ind1=" " ind2=" " tag="260"><subfield code="a">Bloomer, Wis. :</subfield><subfield code="b">E.N. Bowers</subfield></datafield><datafield ind1=" " ind2=" " tag="300"><subfield code="a">v.</subfield></datafield><datafield ind1=" " ind2=" " tag="310"><subfield code="a">Weekly</subfield></datafield><datafield ind1="1" ind2=" " tag="362"><subfield code="a">Began in July, 1886.</subfield><subfield code="z">Cf. Oehlerts, d. E. Guide to Wis. newspapers.</subfield></datafield><datafield ind1=" " ind2=" " tag="500"><subfield code="a">Publisher varies.</subfield></datafield><datafield ind1=" " ind2=" " tag="515"><subfield code="a">Volume numbering eventually dropped.</subfield></datafield><datafield ind1=" " ind2=" " tag="588"><subfield code="a">Description based on : vol. 9, no. 38 (Mar. 21, 1895).</subfield></datafield><datafield ind1=" " ind2=" " tag="752"><subfield code="a">United States</subfield><subfield code="b">Wisconsin</subfield><subfield code="c">Chippewa</subfield><subfield code="d">Bloomer.</subfield></datafield><datafield ind1="1" ind2=" " tag="029"><subfield code="a">AU@</subfield><subfield code="b">000025816207</subfield></datafield></record>